@MISC{SAPAbout,
  title = {{SAP AG} about},
	author = {SAP},
  organization = {SAP AG},
  howpublished ="\url{http://www.sap.com/usa/about/company/index.epx}",
  year = "2014",
	note = "[Einsichtnahme: 18. Juni 2014, 13:54]"
}

@MISC{SAPFacts,
  title = {{SAP AG} Factsheet},
	author = {SAP},
  organization = {SAP AG},
  howpublished ="\url{http://global.sap.com/corporate-de/investors/pdf/SAP-Fact-Sheet-DE.pdf}",
  year = "2014",
  note = "[Einsichtnahme: 18. Juni 2014, 12:33]"	
}

@MISC{SAPAtGlance,
  title = {{SAP AG} at a glance},
	author = {SAP},
  organization = {SAP AG},
  howpublished ="\url{http://global.sap.com/corporate-en/our-company/index.epx}",
  year = "2014",
	note = "[Einsichtnahme: 18. Juni 2014, 10:05]"	
}