
@article{bachmann-medick_translational_2009,
	title = {The Translational Turn},
	volume = {Vol. 2},
	issn = {1478-1700},
	number = {1},
	journal = {Translation Studies, Special Issue},
	author = {Bachmann-Medick, Doris},
	year = {2009},
	pages = {2--16}
},

@article{hunt_kulturgeschichte_2008,
	title = {Kulturgeschichte ohne Paradigmen?},
	volume = {16},
	issn = {0942-8704},
	number = {3},
	journal = {Historische Anthropologie},
	author = {Hunt, Lynn},
	year = {2008},
	pages = {323--340}
},

@article{bachmann-medick_diebin_????,
	title = {{„Diebin} in der Nacht“ – Gender diesseits oder jenseits kulturwissenschaftliche turns? Fragen und Antworten in einer kontroversen Debatte},
	number = {19, 1 (2008)},
	journal = {{L’Homme.} Europäische Zeitschrift für Feministische Geschichtswissenschaft},
	author = {Bachmann-Medick, Doris},
	pages = {131--142}
},

@book{gipper_kultur_????,
	edition = {1. Aufl.},
	title = {Kultur, Übersetzung, Lebenswelten: Zu aktuellen Paradigmen der Kulturwissenschaften},
	isbn = {{382603452X}},
	shorttitle = {Kultur, Übersetzung, Lebenswelten},
	publisher = {Königshausen \& Neumann},
	author = {Gipper, Andreas and Klengel, Susanne}
},

@book{martschukat_geschichtswissenschaft_2003,
	edition = {1. Aufl.},
	title = {Geschichtswissenschaft und 'performative turn'},
	isbn = {3412072036},
	publisher = {Böhlau},
	author = {Martschukat, Jürgen and Patzold, Steffen},
	month = jan,
	year = {2003}
},

@book{bachmann-medick_cultural_2010,
	edition = {4. Aufl.},
	title = {Cultural Turns: Neuorientierungen in den Kulturwissenschaften},
	isbn = {3499556758},
	shorttitle = {Cultural Turns},
	publisher = {rororo},
	author = {Bachmann-Medick, Doris},
	year = {2010}
},

@book{doring_spatial_2008,
	edition = {2. Aufl.},
	title = {Spatial Turn: Das Raumparadigma in den Kultur- und Sozialwissenschaften},
	isbn = {3899426835},
	shorttitle = {Spatial Turn},
	publisher = {Transcript},
	author = {Döring, Jörg and Thielmann, Tristan},
	month = jan,
	year = {2008}
},

@book{barney_spatial_2008,
	edition = {1. Aufl.},
	title = {The Spatial Turn: Interdisciplinary Perspectives},
	isbn = {0415775736},
	shorttitle = {The Spatial Turn},
	publisher = {Routledge Chapman \& Hall},
	author = {Barney, Warf and Arias, Santa},
	month = nov,
	year = {2008}
},

@book{kittsteiner_was_2004,
	edition = {1. Aufl.},
	title = {Was sind Kulturwissenschaften? 13 Antworten},
	isbn = {3770539478},
	shorttitle = {Was sind Kulturwissenschaften?},
	publisher = {Fink (Wilhelm)},
	author = {Kittsteiner, Heinz Dieter},
	month = apr,
	year = {2004}
},

@book{schmelzer_gender_2012,
	edition = {1.  Aufl.},
	title = {Gender Turn: Gesellschaft jenseits der Geschlechternorm},
	isbn = {3837622665},
	shorttitle = {Gender Turn},
	publisher = {Transcript},
	author = {Schmelzer, Christian},
	month = dec,
	year = {2012}
},

@book{iggers_geschichtswissenschaft_2007,
	address = {Göttingen},
	edition = {Neuausg.},
	title = {Geschichtswissenschaft im 20. Jahrhundert : ein kritischer Überblick im internationalen Zusammenhang / Georg G. Iggers},
	isbn = {978-3-525-36149-8},
	shorttitle = {Geschichtswissenschaft im 20. Jahrhundert},
	publisher = {Vandenhoeck \& Ruprecht},
	author = {Iggers, Georg G.},
	year = {2007},
	file = {DNB, Katalog der Deutschen Nationalbibliothek:/home/blackrocket/.zotero/zotero/464juhs5.default/zotero/storage/PT9R4J2P/opac.html:text/html}
},

@book{sadzio_kulturenwende_2010,
	address = {Norderstedt},
	title = {{KULTURENWENDE} [Elektronische Ressource] : Transkulturelle und transreligiöse Identitäten - Auswertung einer empirischen Studie unter pädagogischen {MultiplikatorInnen} in Belém-{Pará/Brasilien} / Maik Sadzio},
	isbn = {978-3-8391-5006-1},
	shorttitle = {{KULTURENWENDE} [Elektronische Ressource]},
	url = {http://nbn-resolving.de/urn:nbn:de:101:1-2010050432},
	publisher = {Books on Demand},
	author = {Sadzio, Maik},
	year = {2010},
	file = {DNB, Katalog der Deutschen Nationalbibliothek:/home/blackrocket/.zotero/zotero/464juhs5.default/zotero/storage/22A9EEND/opac.html:text/html}
},

@book{jameson_cultural_1998,
	address = {London ; New York},
	title = {The cultural turn: selected writings on the postmodern, 1983-1998},
	isbn = {1859848761},
	lccn = {PN98.P67 J27 1998},
	shorttitle = {The cultural turn},
	publisher = {Verso},
	author = {Jameson, Fredric},
	year = {1998},
	keywords = {Postmodernism (Literature)}
}