% doppelte Klammerung sorgt dafür, dass Groß-/klein-Schreibung erhalten bleibt
% der Bezeichner nach dem Klammeraffen legt den Typ des Dokuments fest
% davon ist abhängig, wie (und was) angezeigt wird 

%%%%%%%%%%%
%% INTERNET
%%%%%%%%%
@MISC{SAPAbout,
  title = {{SAP AG} about},
	author = {\gls{sap}},
  organization = {\gls{sap} AG},
  howpublished ="\url{http://www.sap.com/usa/about/company/index.epx}",
  year = "2014",
	note = "[Einsichtnahme: 18. Juni 2014, 13:54]"
}

@MISC{SAPFacts,
  title = {{SAP AG} Factsheet},
	author = {\gls{sap}},
  organization = {\gls{sap} AG},
  howpublished ="\url{http://global.sap.com/corporate-de/investors/pdf/SAP-Fact-Sheet-DE.pdf}",
  year = "2014",
  note = "[Einsichtnahme: 18. Juni 2014, 12:33]"	
}

@MISC{SAPLocations,
  title = {{SAP AG} Locations},
	author = {\gls{sap}},
  organization = {\gls{sap} AG},
  howpublished ="\url{http://www.sap.com/directory/main.html}", 
  year = "2014",
	note = "[Einsichtnahme: 18. Juni 2014, 10:06]"	
}

@MISC{SAPAtGlance,
  title = {{SAP AG} at a glance},
	author = {\gls{sap}},
  organization = {\gls{sap} AG},
  howpublished ="\url{http://global.sap.com/corporate-en/our-company/index.epx}",
  year = "2014",
	note = "[Einsichtnahme: 18. Juni 2014, 10:05]"	
}

@MISC{BusinessOne,
  title = {BusinessOne},
	author = {\gls{sap}},
  organization = {\gls{sap} AG},
  howpublished ="\url{http://www.sap.com/solution/sme/software/erp/small-business-management/overview/index.html}",
  year = "2014",
	note = "[Einsichtnahme: X. Juni 2014, XX:XX]"			
}

@MISC{itelligence,
  title = {ByDesign Vorteile},
	author = {itelligence},
  organization = {itelligence},
  howpublished ="\url{http://www.itelligence.de/sap-business-by-design.php}",
  year = "2014",
	note = "[Einsichtnahme: X. Juni 2014, XX:XX]"		
}

@MISC{SAPByDesign,
  title = {{SAP AG} \gls{byd} Instanz},
	author = {\gls{sap}},
  organization = {\gls{sap} AG},
  howpublished ="\url{https://my323316.sapbydesign.com}", 
  year = "2014",
	note = "[Einsichtnahme: X. Juni 2014, XX:XX]"	
}

@MISC{ERPDefinition,
  title = {\gls{erp} Definition},
	author = {reimus.NET GmbH},
  organization = {reimus.NET GmbH},
  howpublished ="\url{http://www.rechnungswesen-portal.de}",
  year = "2014",
	note = "[Einsichtnahme: 9. Juni 2014, 16:11]"	
}

@MISC{SCMDefinition,
  title = {\gls{scm} Definition},
	author = {Grobman Schwarz},
  organization = {GROBMAN & SCHWARZ GmbH},
  howpublished ="\url{http://www.grobmanschwarz.de}",
  year = "2014",
	note = "[Einsichtnahme: 9. Juni 2014, 16:18]"	
}

@MISC{PLMDefinition,
  title = {\gls{plm} Definition},
	author = {WZL-RWTH-Aachen},
  organization = {RWTH Aachen},
  howpublished ="\url{http://www.plm-info.de}",
  year = "2014",
	note = "[Einsichtnahme: 9. Juni 2014, 16:51]"	
}

@MISC{SRMDefinition,
  title = {\gls{srm} Definition},
	author = {Europa-Universität-Viadrina},
  organization = {Europa-Universität Viadrina},
  howpublished ="\url{http://www.enzyklopaedie-der-wirtschaftsinformatik.de}",
  year = "2014",
	note = "[Einsichtnahme: 9. Juni 2014, 15:16]"	
}

@MISC{OnDemandDefinition,
  title = {\gls{ondemand} Definition},
	author = {Wikipedia},
  organization = {Wikipedia},
  howpublished ="\url{http://de.wikipedia.org/wiki/On-Demand}", 
  year = "2014",
	note = "[Einsichtnahme: 9. Juni 2014, 17:42]"		
}

@MISC{OnPremiseDefinition,
  title = {\gls{onpremise} Definition},
	author = {Microsoft},
  organization = {Microsoft},
  howpublished ="\url{http://www.microsoft.com/de-de/cloud/glossar/on_premise.aspx}", 
  year = "2014",
	note = "[Einsichtnahme: 9. Juni 2014, 17:43]"	
}

@MISC{SAPHanaAbout,
  title = {{SAP AG} HANA Features},
	author = {\gls{sap}},
  organization = {\gls{sap} AG},
  howpublished ="\url{http://www.saphana.com/community/about-hana/features}",
  year = "2014",
	note = "[Einsichtnahme: 1. Juni 2014, 09:51]"
}

@MISC{SAPSCN,
  title = {{SAP AG} Community Network},
	author = {\gls{sap}},
  organization = {\gls{sap} AG},
  howpublished ="\url{http://http://scn.sap.com}",
  year = "2014",
	note = "[Einsichtnahme: X. Juni 2014, XX:XX]"	
}

@MISC{ERP4Students,
  title = {erp4students.de},
	author = {ERP4Students},
  organization = {erp4students Deutschland},
  howpublished ="\url{http://www.erp4students.de/live/Kursangebot-SAP-ByD/sap-byd.aspx}",
  year = "2014",
	note = "[Einsichtnahme: X. Juni 2014, XX:XX]"	
}

@MISC{AiOBeratung,
  title = {business-allinone-beratung.de},
	author = {init-consulting AG},
  organization = {init-consulting AG},
  howpublished ="\url{http://www.business-allinone-beratung.de/loesungen/sap-business-all-in-one.html}",
  year = "2014",
	note = "[Einsichtnahme: X. Juni 2014, XX:XX]"	
}

@MISC{SAPHelp,
  title = {SAP Help Portal},
	author = {SAP},
  organization = {SAP AG},
  howpublished ="\url{http://help.sap.com/}",
  year = "2014",
	note = "[Einsichtnahme: X. Juni 2014, XX:XX]"	
}

@MISC{SAPHelpWf,
  title = {SAP Help Portal: Workflow Builder},
	author = {SAP},
  organization = {SAP AG},
  howpublished ="\url{http://help.sap.com/saphelp_470/helpdata/de/c5/e4b79d453d11d189430000e829fbbd/content.htm}",
  year = "2014",
	note = "[Einsichtnahme: X. Juni 2014, XX:XX]"	
}

@MISC{XML,
  title = {\gls{xml} Definition},
	author = {Wikipedia},
  organization = {Wikipedia},
  howpublished ="\url{http://de.wikipedia.org/wiki/Extensible_Markup_Language}",
  year = "2014",
	note = "[Einsichtnahme: X. Juni 2014, XX:XX]"	
}

@MISC{BPML,
  title = {\gls{bpml} Definition},
	author = {Wikipedia},
  organization = {Wikipedia},
  howpublished ="\url{http://de.wikipedia.org/wiki/Business_Process_Modeling_Language}",
  year = "2014",
	note = "[Einsichtnahme: X. Juni 2014, XX:XX]"	
}

@MISC{BPMN,
  title = {\gls{bpmn} Definition},
	author = {Wikipedia},
  organization = {Wikipedia},
  howpublished ="\url{http://de.wikipedia.org/wiki/Business_Process_Model_and_Notation}", 
  year = "2014",
	note = "[Einsichtnahme: X. Juni 2014, XX:XX]"	
}

@MISC{OMG,
  title = {\gls{omg} Definition},
	author = {Wikipedia},
  organization = {Wikipedia},
  howpublished ="\url{http://de.wikipedia.org/wiki/Object_Management_Group}", 
  year = "2014",
	note = "[Einsichtnahme: X. Juni 2014, XX:XX]"	
}

@MISC{NWGrundlagen,
  title = {\gls{sap} \gls{nw} und Enterprise Services Architecture },
	author = {WHU-Koblenz},
  organization = {WHU-Koblenz},
  howpublished ="\url{http://www.whu-koblenz.de/ebusiness/lehre/hs2003/Techn-Grdlg/SAPNetWeaver_D.pdf}",
  year = "2014",
	note = "[Einsichtnahme: 16. Juni 2014, 14:01]"	
}

%%%%%%%%%
%% BÜCHER
%%%%%%%%%
@BOOK{SAP01,
  title = {{SAP01 DE 95} - \gls{sap} Überblick: Collection 95 – Teilnehmerhandbuch},
  publisher = {{Galileo Press}},
  year = {2011},
  author = {\gls{sap} AG},
}

@BOOK{SAPTEC,
  title = {{SAPTEC} Grundlagen des \gls{sap} \gls{nw} Application Server},
  publisher = {{Galileo Press}},
  year = {2011},
  author = {\gls{sap} AG},
}

@BOOK{SpringerERPSCM,
  title = {\gls{erp} and \gls{scm}, Progress in IS},
  publisher = {{Springer}},
  year = {2013},
  author = {Kurbel, Karl E.},
}

@BOOK{SpringerControllingSAP,
  title = {Controlling mit SAP},
  publisher = {{Springer (6. Auflage)}},
  year = {2012},
  author = {Friedl, Prof. Dr. Gunther and Hilz, Prof. Dr. Christian and Pedell, Prof. Dr. Burkhard},
}

@BOOK{SAPin24hrs,
  title = {Sams teach yourself \gls{sap} in 24 hours},
  publisher = {{SAMS}},
  year = {2011},
  author = {Anderson, Dr. George W.},
}